@conference{
	Ngu99, 
	author="Phong Nguyen",
	title="Cryptanalysis of the GGH Cryptosystem from Crypto 97",
	booktitle="Advance in Cryptology",
	year=1999
}
@conference{
	Ggh97,
	author="Shavi Goldwasser, Oded Goldreich, Halevi",
	title="Public-Key Cryptosystem from Lattice Reduction Problems",
	booktitle="Advance in Cryptology",
	year=1997
}
@mastersthesis{
	Ros11,
	author="Michael Ross",
	title="Lattice-Based Cryptography: A Practical Implementation",
	school="University of Wollongong",
	year=2011
}
@techreport{
	Has88,
	author="Johan H{\aa}stad",
	title="Solving Simultaneous Modular Equations of Low Degree",
	institution="Massachutes Institute of Technology",
	year=1988
}
@techreport{
	Wil12,
	author="Willy Soesilo, Thomas Plantard",
	title="Broadcast Attacks against Lattice-based Cryptosystems",
	institution="University of Wollongong",
	year=2012
}
@techreport{
	Mic08,
	author="Daniele Micciancio",
	title="Improving Lattice Based Cryptosystems Using the Hermite Normal Form",
	institution="University of California",
	year=2008
}
@conference{
	Pjh03, 
	author="Seong-Hun Paeng, Bae Eun Jung, Kil-Chan Ha",
	title="A Lattice Based Public Key Cryptosystem Using Polynomial Representations",
	booktitle="PKC International Workshop",
	year=2003
}
@conference{
	Hky07, 
	author="Daewan Han, Myung-Hwan Kim, Yongjin Yeom",
	title="Cryptanalysis of the Paeng-Jung-Ha Cryptosystem from PKC 2003",
	booktitle="Advances In Cryptology - Eurocrypt 27th Annual International Conference",
	year=2007
}
